@article{prze:22:cases,
    author = "Przepiórkowski, Adam",
    title = "Coordination of Unlike Grammatical Cases (and Unlike Categories)",
    url = "https://ling.auf.net/lingbuzz/006492/",
    journal = "Language",
    number = "3",
    volume = "98",
    year = "2022",
    pdf = "https://ling.auf.net/lingbuzz/006492/current.pdf",
    pages = "592--634"}

@article{phillips2009should,
	title = {Should we impeach armchair linguists},
	author = {Colin Phillips},
	url = {http://www.colinphillips.net/wp-content/uploads/2014/08/phillips2010_armchairlinguistics.pdf, Should we impeach armchair linguists},
	year = {2010},
	date = {2010-01-01},
	journal = {Japanese/Korean Linguistics},
	volume = {17},
	pages = {49--64},
	keywords = {},
	pubstate = {published},
	tppubtype = {article}
}

    
@article{Lowe_Lovestrand_2020, 
	title={Minimal phrase structure: a new formalized theory of phrase structure},
	volume={8}, url={https://jlm.ipipan.waw.pl/index.php/JLM/article/view/24}, 
	doi={10.15398/jlm.v8i1.247}, 
	number={1}, 
	journal={Journal of Language Modelling}, 
	author={Lowe, John and Lovestrand, Joseph}, 
	year={2020}, 
	pages={1--52}}
    
@article{DalrympleKaplan2000,
	doi = {10.2307/417199},
	url = {https://doi.org/10.2307/417199},
	year = {2000},
	month = dec,
	publisher = {{JSTOR}},
	volume = {76},
	number = {4},
	pages = {759},
	author = {Mary Dalrymple and Ronald M. Kaplan},
	title = {Feature Indeterminacy and Feature Resolution},
	journal = {Language}
}


@book{tesniere:59,
	author = {Tesnière, Lucien},
	title = {Eléments de syntaxe structurale},
	year = {1959},
	publisher = {Klincksieck},
	location = {Paris}
}




@book{buttetal:1999,
	author = {Butt, Miriam and King, Tracy Holloway and Niño, María-Eugenia and Segond, Frédérique},
	title = {A Grammar Writer's Cookbook},
	year = {1999},
	publisher = {CSLI Publications}
}



@book{Schutze1996,
author = {Schütze, Carson T.},
title = {The empirical base of linguistics},
year = {1996},
address = {Chicago},
publisher = {University of Chicago Press}
}

@incollection{Andrews2007,
  doi = {10.1017/cbo9780511619427.003},
  year = {2007},
  editor = {Timothy Shopen},
  publisher = {Cambridge University Press},
  pages = {132--223},
  author = {Avery D. Andrews},
  title = {The major functions of the noun phrase},
  booktitle = {Language Typology and Syntactic Description}
}

@article{Haspelmath2014,
  doi = {10.1349/ps1.1537-0852.a.442},
  year = {2014},
  publisher = {Dartmouth College Library Press},
  volume = {12},
  number = {2},
  author = {Martin Haspelmath},
  title = {Arguments and Adjuncts as Language-Particular Syntactic Categories and as Comparative Concepts},
  journal = {Linguistic Discovery}
}

@incollection{Vater1978,
  doi = {10.1075/slcs.1.05vat},
  url = {https://doi.org/10.1075/slcs.1.05vat},
  year = {1978},
  publisher = {John Benjamins Publishing Company},
  pages = {21},
  author = {Heinz Vater},
  title = {On the possibility of distinguighing between complements and adjuncts},
  booktitle = {Studies in Language Companion Series}
}

@inproceedings{
    prze:16,
    author = "Przepiórkowski, Adam",
    editor = "Arnold, Doug and Butt, Miriam and Crysmann, Berthold and King, Tracy Holloway and Müller, Stefan",
    year = "2016",
    address = "Stanford, CA",
    doi = "https://doi.org/10.21248/hpsg.2016.29",
    title = "How \emph{not\,} to Distinguish Arguments from Adjuncts in {LFG}",
    pages = "560--580",
    title = "The Proceedings of the Joint 2016 Conference on {H}ead-driven {P}hrase {S}tructure {G}rammar and {L}exical {F}unctional {G}rammar",
    url = "http://web.stanford.edu/group/cslipublications/cslipublications/HPSG/2016/",
    booktitle = "The Proceedings of the Joint 2016 Conference on {H}ead-driven {P}hrase {S}tructure {G}rammar and {L}exical {F}unctional {G}rammar",
    publisher = "CSLI Publications"
}

@inproceedings{sensekerci_22,
    author = {{\c{S}}en\c{s}ekerci, Berke},
    editor = {Butt, Miriam and Findlay, Jamie Y. and Toivonen, Ida},
    title = {L\textsubscript{R}{FG} Analysis of {T}urkish Suspended Affixation in Nonverbal Coordination},
    booktitle = {Proceedings of the LFG'22 Conference},
    year = {2022},
    publisher = {CSLI Publications}
}



@article{akkus2016,
	author = {Faruk Akku\c{s}},
	title = {Suspended affixation with derivational suffixes and lexical integrity},
	journal = {Mediterranean Morphology Meetings},
	volume = {10},
	number = {0},
	year = {2016},
	issn = {1826-7491},	
	pages = {1--15},	
	doi = {10.26220/mmm.2720},
}


@book{lewis1967,
	author = {Lewis, Geoffrey L.},
	title = {Turkish Grammar},
	year = {1967},
	publisher = {Oxford University Press}
}

@book{asli_kerslake_2010,
    author = {Asl{\i} G{\"o}ksel and Celia Kerslake},
    title = {Turkish: An Essential Grammar},
    year = {2010},
    publisher = {Routledge}
}

@book{asli_kerslake_2005,
	author = {Asl{\i} G{\"o}ksel and Celia Kerslake},
	title = {Turkish: A Comprehensive Grammar},
	year = {2005},
	publisher = {Routledge}
}


@article{Kabak+2007,
    url = {https://doi.org/10.1515/LING.2007.010},
    title = {Turkish suspended affixation},
    author = {Bar{\i}{\c{s}} Kabak},
    pages = {311--347},
    volume = {45},
    number = {2},
    journal = {Linguistics},
    doi = {doi:10.1515/LING.2007.010},
    year = {2007}
}


@incollection{Butt2004,
	author="Butt, Miriam and King, Tracy Holloway",
	editor="Dayal, Veneeta and Mahajan, Anoop",
	title="The Status of Case",
	booktitle="Clause Structure in South Asian Languages",
	year="2004",
	publisher="Springer Netherlands",
	address="Dordrecht",
	pages="153--198",
	doi="10.1007/978-1-4020-2719-2_6"
}


@article{cunnings_2012,
author = {Ian Cunnings},
title ={An overview of mixed-effects statistical models for second language researchers},
journal = {Second Language Research},
volume = {28},
number = {3},
pages = {369-382},
year = {2012},
doi = {10.1177/0267658312443651}
}


@article{gibsonetal_2011,
author = {Gibson, Edward and Piantadosi, Steve and Fedorenko, Kristina},
title = {Using Mechanical Turk to Obtain and Analyze {E}nglish Acceptability Judgments},
journal = {Language and Linguistics Compass},
volume = {5},
number = {8},
pages = {509-524},
doi = {https://doi.org/10.1111/j.1749-818X.2011.00295.x},
year = {2011}
}



@incollection{kornfilt+2012,
	author = {Kornfilt, Jaklin},
	isbn = {9780199746736},
	title = {Revisiting “Suspended Affixation” and Other Coordinate Mysteries},
	booktitle = {Functional Heads, Volume 7: The Cartography of Syntactic Structures},
	publisher = {Oxford University Press},
	year = {2012},
	month = {06},
	doi = {10.1093/acprof:oso/9780199746736.003.0014}
}


@incollection{Bresnan2007,
  doi = {10.1515/9783110198621.75},
  url = {https://doi.org/10.1515/9783110198621.75},
  year = {2007},
  month = dec,
  publisher = {Mouton de Gruyter},
  pages = {75--96},
  author = {Joan Bresnan},
  title = {Is syntactic knowledge probabilistic? {E}xperiments with the {E}nglish dative alternation},
  booktitle = {Roots}
}


@incollection{Francis2021,
  doi = {10.1093/oso/9780192898944.003.0005},
  year = {2021},
  publisher = {Oxford University Press},
  pages = {103--125},
  author = {Elaine J. Francis},
  title = {On the relationship between corpus frequency and acceptability},
  booktitle = {Gradient Acceptability and Linguistic Theory}
}


@article{Divjak2016,
  doi = {10.1111/cogs.12335},
  year = {2016},
  publisher = {Wiley},
  volume = {41},
  number = {2},
  pages = {354--382},
  author = {Dagmar Divjak},
  title = {The Role of Lexical Frequency in the Acceptability of Syntactic Variants: Evidence From that-Clauses in {Polish}},
  journal = {Cognitive Science}
}


@InProceedings{pullumetal_2001,
author="Pullum, Geoffrey K. and Scholz, Barbara C.",
editor="de Groote, Philippe and Morrill, Glyn and Retor{\'e}, Christian",
title="On the Distinction between Model-Theoretic and Generative-Enumerative Syntactic Frameworks",
booktitle="Logical Aspects of Computational Linguistics",
year="2001",
publisher="Springer Berlin Heidelberg",
address="Berlin, Heidelberg",
pages="17--43"
}


@article{Chomsky1959,
title = {On certain formal properties of grammars},
author = {Noam Chomsky},
journal = {Information and Control},
volume = {2},
number = {2},
pages = {137-167},
year = {1959},
doi = {https://doi.org/10.1016/S0019-9958(59)90362-6}
}

@book{Chomsky1981,
  doi = {10.1515/9783110884166},
  year = {1981},
  month = dec,
  publisher = {De Gruyter Mouton},
  author = {Noam Chomsky},
  title = {Lectures on {G}overnment and {B}inding: The Pisa Lectures}
}


@incollection{Chomsky1993,
	year = {1993},
	title = {A Minimalist Program for Linguistic Theory},
	editor = {Kenneth Hale and Samuel Jay Keyser},
	author = {Noam Chomsky},
	publisher = {MIT Press},
	booktitle = {The View From Building 20: Essays in Linguistics in Honor of Sylvain Bromberger}
}


@incollection{Joshi1987,
  doi = {10.1075/z.35.07jos},
  year = {1987},
  publisher = {John Benjamins Publishing Company},
  pages = {87--115},
  author = {Aravind K. Joshi},
  title = {An Introduction to {Tree Adjoining Grammar}},
  booktitle = {Mathematics of Language}
}

@article{Dbrowska2008,
  doi = {10.1515/cogl.2008.015},
  year = {2008},
  publisher = {Walter de Gruyter {GmbH}},
  volume = {19},
  number = {3},
  author = {Ewa D\k{a}browska},
  title = {Questions with long-distance dependencies: A usage-based perspective},
  journal = {Cognitive Linguistics}
}


@article{VONDERMALSBURG2011,
title = {What is the scanpath signature of syntactic reanalysis?},
journal = {Journal of Memory and Language},
volume = {65},
number = {2},
pages = {109-127},
year = {2011},
doi = {https://doi.org/10.1016/j.jml.2011.02.004},
author = {Titus {von der Malsburg} and Shravan Vasishth}
}

@book{Levelt1993,
  doi = {10.7551/mitpress/6393.001.0001},
  year = {1993},
  publisher = {The {MIT} Press},
  author = {Willem J. M. Levelt},
  title = {Speaking: From intention to articulation}
}

@article{Tanenhaus1995,
  doi = {10.1126/science.7777863},
  year = {1995},
  month = jun,
  publisher = {American Association for the Advancement of Science ({AAAS})},
  volume = {268},
  number = {5217},
  pages = {1632--1634},
  author = {Michael K. Tanenhaus and Michael J. Spivey-Knowlton and Kathleen M. Eberhard and Julie C. Sedivy},
  title = {Integration of Visual and Linguistic Information in Spoken Language Comprehension},
  journal = {Science}
}


@book{kornfilt97,
	author = {Jaklin Kornfilt},
	title = {Turkish},
	year = {1997},
	publisher = {Routledge}
}

@incollection{Sag2011,
  doi = {10.1002/9781444395037.ch10},
  year = {2011},
  month = jun,
  publisher = {Wiley-Blackwell},
  pages = {359--377},
  author = {Ivan A. Sag and Thomas Wasow},
  title = {Performance-Compatible Competence Grammar},
  booktitle = {Non-Transformational Syntax}
}


@incollection{asudehtoiv_2015,
  doi = {10.1093/oxfordhb/9780199677078.013.0017},
  url = {https://doi.org/10.1093/oxfordhb/9780199677078.013.0017},
  year = {2015},
  month = jan,
  pages = {373--406},
  publisher = {Oxford University Press},
  editor = {Bernd Heine and Heiko Narrog},
  author = {Ash Asudeh and Ida Toivonen},
  title = {Lexical-{F}unctional Grammar},
  booktitle = {The Oxford Handbook of Linguistic Analysis}
}

@incollection{belyaev2021,
editor = {Dalrymple, Mary},
url= "https://langsci-press.org/catalog/view/312/3148/2443-1",
booktitle = {Forthcoming: {The} {Handbook} of {Lexical} {Functional} {Grammar}},
year = {2021},
address = {Berlin},
publisher = {Language Science Press},
title = {Introduction to {LFG}},
author = {Oleg Belyaev}
}

@article{austinbresnan_1996,
 author = {Peter Austin and Joan Bresnan},
 journal = {Natural Language \& Linguistic Theory},
 number = {2},
 pages = {215--268},
 publisher = {Springer},
 title = {Non-Configurationality in {A}ustralian Aboriginal Languages},
 volume = {14},
 year = {1996}
}


@PhdThesis{prze:99,
	author = 	 "Adam Przepi{\'o}rkowski",
	title = 	 "Case Assignment and the Complement-Adjunct Dichotomy: 
	A Non-Configurational Constraint-Based Approach",
	school = 	 "Universit{\"a}t T{\"u}bingen",
	year = 	 1999,
	address = 	 "Germany"}

@incollection{kaplan&bresnan_1982,
	author = {Ronald M. Kaplan and Joan Bresnan},
	editor = {Joan Bresnan},
	title = {{L}exical-{F}unctional {G}rammar: A formal system for grammatical representation},
	booktitle = {The Mental Representation of Grammatical Relations},
	year = {1982},
	publisher = {MIT Press}
}



@inproceedings{vit2012,
	author = {Baisa, Vit and Suchomel, Vit},
	booktitle = {Proceedings of the Eight International Conference on Language Resources and Evaluation (LREC’12)},
	pages = {28-32},
	publisher = {European Language Resources Association (ELRA)},
	title = {Large Corpora for {Turkic} Languages and Unsupervised Morphological Analysis},
	publisher = {European Language Resources Association (ELRA)},
	year = {2012},
}

@book{dik1968,
	author = "Dik, Simon",
	title = "Coordination: Its Implications for a Theory of General Linguistics",
	year = {1968},
	publisher = {North-Holland},
	location = {Amsterdam}
}

@book{bresnanetal2015,
	author = "Bresnan, Joan and Asudeh, Ash and Toivonen, Ida",
	title = {Lexical‐{F}unctional Syntax},
	year = {2015},
	publisher = {Wiley},
	doi = {10.1002/9781119105664}
}


@inproceedings{melchinetal,
	address = {Stanford, CA},
	title = {Ojibwe Agreement in {Lexical-Realizational Functional Grammar}},
	booktitle = {Proceedings of the {LFG}’20 {Conference}},
	publisher = {CSLI Publications},
	pages = {268--288},
	author = {Melchin, Paul B. and Asudeh,  Ash and Siddiqi, Dan},
	editor = {Butt, Miriam and Toivonen, Ida},
	year = {2020},
}



@article{Wiliams1981,
	author = {Edwin Williams},
	issue = {4},
	journal = {Linguistic Inquiry},
	pages = {645-653},
	title = {Transformationless Grammar},
	volume = {12},
	year = {1981},
}


@article{peterson1981,
	author = "Peterson, Peter",
	title = "Problems with Constraints on Coordination",
	journal = "Linguistic Analysis",
	year = {1981},
	volume = {8},
	pages = {449--460}
}


@book{gazdaretal1985,
	author = {Gazdar, Gerald and Klein, Ewan and Pullum, Geoffrey K. and Sag, Ivan A.},
	title = {Generalized Phrase Structure Grammar},
	year = {1985},
	publisher = {Harvard University Press},
	location = {Cambridge: MA}
}



@book{muller:2021,
    editor = {M{\"u}ller, Stefan and Abeill{\'e}, Anne and Borsley, Robert D. and Koenig, Jean-Pierre},
    title = {{Head-Driven Phrase Structure Grammar: The handbook}},
    year = {2021},
    address = {Berlin},
    publisher = {Language Science Press},
    doi = {10.5281/zenodo.5543318}
}


@book{Dalrymple2019,
	doi = {10.1093/oso/9780198733300.001.0001},
	url = {https://doi.org/10.1093/oso/9780198733300.001.0001},
	year = {2019},
	publisher = {Oxford University Press},
	author = {Mary Dalrymple and John J. Lowe and Louise Mycock},
	title = "The {O}xford Reference Guide to {Lexical-Functional Grammar}"
}


@book{pollardetal1994,
	author = "Pollard, Carl and Sag, Ivan A.",
	title = "Head-Driven Phrase Structure Grammar",
	year = {1994},
	publisher = {The University of Chicago Press},
	location = {Chicago, IL}
}



@article{Bruening2020,
	doi = {10.1162/ling_a_00336},
	url = {https://doi.org/10.1162/ling_a_00336},
	year = {2020},
	month = jan,
	publisher = {{MIT} Press - Journals},
	volume = {51},
	number = {1},
	pages = {1--36},
	author = {Benjamin Bruening and Eman Al Khalaf},
	title = {Category Mismatches in Coordination Revisited},
	journal = {Linguistic Inquiry}
}

@article{SPROUSE2013,
	title = {A comparison of informal and formal acceptability judgments using a random sample from Linguistic Inquiry 2001–2010},
	journal = {Lingua},
	volume = {134},
	pages = {219-248},
	year = {2013},
	issn = {0024-3841},
	doi = {https://doi.org/10.1016/j.lingua.2013.07.002},
	url = {https://www.sciencedirect.com/science/article/pii/S0024384113001526},
	author = {Jon Sprouse and Carson T. Schütze and Diogo Almeida},
	keywords = {Acceptability judgments, Grammaticality judgments, Experimental syntax, Methodology}
}

@article{WASOW2005,
	title = {Intuitions in linguistic argumentation},
	journal = {Lingua},
	volume = {115},
	number = {11},
	pages = {1481-1496},
	year = {2005},
	note = {Data in Theoretical Linguistics},
	issn = {0024-3841},
	doi = {https://doi.org/10.1016/j.lingua.2004.07.001},
	url = {https://www.sciencedirect.com/science/article/pii/S0024384104001020},
	author = {Thomas Wasow and Jennifer Arnold},
	keywords = {Intuitions, Introspection, Methodology},
}

@article{gibsonetal13,
	author = {Edward   Gibson  and  Evelina   Fedorenko},
	title = {The need for quantitative methods in syntax and semantics research},
	journal = {Language and Cognitive Processes},
	volume = {28},
	number = {1--2},
	pages = {88-124},
	year  = {2013},
	publisher = {Routledge},
	doi = {10.1080/01690965.2010.515080},
	URL = {https://doi.org/10.1080/01690965.2010.515080}}

@manual{xle,
	author       = {Crouch, Dick and Dalrymple, Mary and Kaplan, Ronald and King, Tracy Holloway and Maxwell III, John and Newman, Paula},
	year         = {2017},
	title        = "{XLE} documentation",
	url          = {https://ling.sprachwiss.uni-konstanz.de/pages/xle/doc/xle_toc.html},
	organization = {Palo Alto Research Center}
}


@article{HitzFrancis+2016,
	url = {https://doi.org/10.1515/ling-2016-0033},
	title = "On the usefulness of formal judgment tasks in syntax and in second-language research: The case of resumptive pronouns in {English, Turkish, and Mandarin Chinese}",
	author = {John Hitz and Elaine J. Francis},
	pages = {1241--1280},
	volume = {54},
	number = {6},
	journal = {Linguistics},
	doi = {doi:10.1515/ling-2016-0033},
	year = {2016}
}



@article{Bruening2022,
	author = {Benjamin Bruening},
	pubstate={forthcoming},
	pages={To appear},
	journal = {Linguistic Inquiry},
	title = "Selectional Violations in Coordination (A Response to {P}atejuk and {P}rzepiórkowski)",
	year = {2022},
}

@article{Dalrymple2017,
	doi = {10.15845/bells.v8i1.1332},
	url = {https://doi.org/10.15845/bells.v8i1.1332},
	year = {2017},
	month = nov,
	publisher = {Universtity of Bergen Library},
	volume = {8},
	number = {1},
	author = {Mary Dalrymple},
	title = {Unlike phrase structure category coordination},
	journal = {Bergen Language and Linguistics Studies}
}

@article{gazderetal1982,
	ISSN = {00243892, 15309150},
	URL = {http://www.jstor.org/stable/4178300},
	author = {Gerald Gazdar and Geoffrey K. Pullum and Ivan A. Sag and Thomas Wasow},
	journal = {Linguistic Inquiry},
	number = {4},
	pages = {663--677},
	publisher = {MIT Press},
	title = {Coordination and Transformational Grammar},
	volume = {13},
	year = {1982}
}

@article{bayer1996,
	ISSN = {00978507, 15350665},
	author = {Samuel Bayer},
	journal = {Language},
	number = {3},
	pages = {579--616},
	publisher = {Linguistic Society of America},
	title = {The Coordination of Unlike Categories},
	volume = {72},
	year = {1996}
}




@phdthesis{pat:15,
	author = "Patejuk, Agnieszka",
	school = "Institute of Polish Language, Polish Academy of Sciences",
	title = "Unlike Coordination in {P}olish: An {LFG} Account",
	year = "2015",
	address = "Cracow",
	pdf = "http://nlp.ipipan.waw.pl/Bib/pat:15.pdf",
	type = "{Ph.D}. dissertation"
}

@inproceedings{
	pat:prz:12b,
	author = "Patejuk, Agnieszka and Przepiórkowski, Adam",
	pdf = "http://aclweb.org/anthology/C/C12/C12-1134.pdf",
	title = "A Comprehensive Analysis of Constituent Coordination for Grammar Engineering",
	pages = "2191--2207",
	crossref = "coling:12"
}
@proceedings{
	coling:12,
	title = "Proceedings of the 24th International Conference on Computational Linguistics ({COLING}\,2012)",
	booktitle = "Proceedings of the 24th International Conference on Computational Linguistics ({COLING}\,2012)",
	address = "Mumbai, India",
	key = "COLING",
	year = "2012"
}

@inproceedings{chaves-paperno:2007,
	author    = {Chaves, Rui P. and Paperno, Denis},
	title     = {On the {Russian} hybrid coordination construction},
	booktitle = {{Proceedings of the 14th International Conference on Head-Driven Phrase Structure Grammar, Stanford Department of Linguistics and CSLI's LinGO Lab}},
	editor    = {Müller, Stefan},
	OPTissn   = {15351793},
	doi       = {10.21248/hpsg.2007.3},
	publisher = {CSLI Publications},
	address   = {Stanford, CA},
	pages     = {46--64},
	year      = {2007},
}


@inbook{turkish_ethnologue,
	address    = {Dallas, Texas},
	author     = {David M. Eberhard and Gary F. Simons and Charles D. Fennig},
	edition    = {25th},
	publisher  = {SIL International},
	booktitle  = {Ethnologue: Languages of the World},
	url        = {http://www.ethnologue.com},
	year       = {2022},
	title	   = {Turkish}
}



@incollection{
	prz:pat:21:oup,
	author = "Przepiórkowski, Adam and Patejuk, Agnieszka",
	pdf = "https://ling.auf.net/lingbuzz/006083",
	doi = "https://doi.org/10.1093/oso/9780192844842.003.0013",
	title = "Coordinate Structures without Syntactic Categories",
	pages = "205--220",
	crossref = "ark:asu:kin:21:ed"
}


@book{kaplan_maxwell:1996,
	author = {Kaplan, Ronald M. and Maxwell III, John T.},
	title = {LFG Grammar Writer's Workbench},
	publisher = {Xerox Palo Alto Research Center},
	year = {1996}
}


@book{
	ark:asu:kin:21:ed,
	editor = "Arka, I Wayan and Asudeh, Ash and King, Tracy Holloway",
	publisher = "Oxford University Press",
	title = "Modular Design of Grammar: Linguistics on the Edge",
	url = "https://global.oup.com/academic/product/modular-design-of-grammar-9780192844842",
	booktitle = "Modular Design of Grammar: Linguistics on the Edge",
	year = "2021",
	address = "Oxford"
}


@book{chomsky65,
	ISBN = {9780262527408},
	URL = {http://www.jstor.org/stable/j.ctt17kk81z},
	author = {Noam Chomsky},
	edition = {50},
	publisher = {The MIT Press},
	title = {Aspects of the Theory of Syntax},
	year = {1965}
}

@article{sagetal1985,
	ISSN = {0167806X, 15730859},
	URL = {http://www.jstor.org/stable/4047644},
	author = {Ivan A. Sag and Gerald Gazdar and Thomas Wasow and Steven Weisler},
	journal = {Natural Language \& Linguistic Theory},
	number = {2},
	pages = {117--171},
	publisher = {Springer},
	title = {Coordination and How to Distinguish Categories},
	volume = {3},
	year = {1985}
}


@inproceedings{beavers-sag:2004,
	author    = {Beavers, John and Sag, Ivan A.},
	title     = {Coordinate ellipsis and apparent non-constituent coordination},
	booktitle = {{Proceedings of the 11th International Conference on Head-Driven Phrase Structure Grammar, Center for Computational Linguistics, Katholieke Universiteit Leuven}},
	editor    = {Müller, Stefan},
	OPTissn   = {15351793},
	doi       = {10.21248/hpsg.2004.3},
	publisher = {CSLI Publications},
	address   = {Stanford, CA},
	pages     = {48--69},
	year      = {2004},
}



@inproceedings{sag:2003,
	author    = {Sag, Ivan A.},
	title     = {Coordination and underspecification},
	booktitle = {{Proceedings of the 9th International Conference on Head-Driven Phrase Structure Grammar}},
	editor    = {Kim, Jong-Bok and Wechsler Stephen},
	doi       = {10.21248/hpsg.2002.14},
	publisher = {CSLI Publications},
	address   = {Stanford, CA},
	pages     = {267--291},
	year      = {2003},
}

@inproceedings{yatabe:2004,
	author    = {Yatabe, Shûichi},
	title     = {A comprehensive theory of coordination of unlikes},
	booktitle = {{Proceedings of the 11th International Conference on Head-Driven Phrase Structure Grammar, Center for Computational Linguistics, Katholieke Universiteit Leuven}},
	editor    = {Müller, Stefan},
	OPTissn   = {15351793},
	doi       = {10.21248/hpsg.2004.19},
	publisher = {CSLI Publications},
	address   = {Stanford, CA},
	pages     = {335--355},
	year      = {2004},
}


@book{jackendoff1977,
	author = "Jackendoff, Ray S.",
	title = "X Syntax: A Study of Phrase Structure",
	year = {1977},
	publisher = "Linguistic Inquiry Monograph 2",
	location = {MIT Press, Cambridge: MA}
}


@book{kosek1999,
	author = "Kosek, Iwona",
	title = {Przyczasownikowe frazy przyimkowo-nominalne w zdaniach współczesnego języka polskiego},
	year = {1999},
	publisher = {Wydawnictwo Uniwersytetu Warminsko-Mazurskiego},
	location = {Olsztyn}
}



@article{peterson2004,
	author = "Peterson, Peter",
	journal = "Natural Language \& Linguistic Theory",
	number = {3},
	pages = {643--679},
	publisher = {Springer},
	title = {Coordination: Consequences of a Lexical-Functional Account},
	volume = {22},
	year = {2004}
}


@article{schachter1977,
	author = {Paul Schachter},
	title = {Constraints on coordination},
	journal = {Language},
	year = {1977},
	volume = {53},
	issue = {1},
	publisher={Linguistic Society of America},
	pages = {86-103}
}


@article{pat-prze_22,
	author = "Patejuk, Agnieszka and Przepiórkowski, Adam",
	title = "{Category Mismatches in Coordination Vindicated}",
	journal = {Linguistic Inquiry},
	pages = {1-24},
	year = {2022},
	month = {02},
	issn = {0024-3892},
	doi = {10.1162/ling_a_00438},
	url = {https://doi.org/10.1162/ling\_a\_00438},
	eprint = {https://direct.mit.edu/ling/article-pdf/doi/10.1162/ling\_a\_00438/1987364/ling\_a\_00438.pdf},
}

@book{Chomsky57,
	address = {The Hague},
	author = {Chomsky, Noam},
	publisher = {Mouton \& Co.},
	title = {Syntactic Structures},
	year = {1957}
}


@inproceedings{prazmowska15,
	author    = "Anna Prazmowska",
	title     = "Is unlike coordination against the law (of the coordination of likes)?",
	booktitle = "Young minds vs. old questions in linguistics: Proceedings of the fourth central european conference in linguistics for postgraduate students",
	year      = "2015",
	pages     = "169-184",
	address   = "Lublin",
	publisher = "The Institute of East-Central Europe and the John Paul II Catholic University of Lublin"
}

@inproceedings{
	pat:prz:19:syntaxfest,
	author = "Patejuk, Agnieszka and Przepiórkowski, Adam",
	doi = "https://doi.org/10.18653/v1/w19-7705",
	title = "Coordination of Unlike Grammatical Functions",
	url = "https://aclweb.org/anthology/W19-7705/",
	pdf = "https://www.aclweb.org/anthology/W19-7705.pdf",
	pages = "26--37",
	year = "2019",
}


@article{weisser2020,
	author = {Weisser, Philipp},
	title = {On the Symmetry of Case in Conjunction},
	journal = {Syntax},
	volume = {23},
	number = {1},
	pages = {42--77},
	doi = {https://doi.org/10.1111/synt.12188},
	url = {https://onlinelibrary.wiley.com/doi/abs/10.1111/synt.12188},
	eprint = {https://onlinelibrary.wiley.com/doi/pdf/10.1111/synt.12188},
	year = {2020}
}

@phdthesis{cetinoglu2009,
    author  = {{\"O}zlem {\c{C}}etino\u{g}lu},
    title   = "Building a {Lexical Functional Grammar} for {Turkish}",
    school  = "Sabanc{\i} University",
    year    = "2009",
    type = "{Ph.D}. dissertation"
}


@inproceedings{tekintrmorph,
    author = {{\c{C}}a\u{g}r{\i} {\c{C}}\"{o}ltekin},
    title = {A Freely Available Morphological Analyzer for {Turkish}},
    booktitle = {{Proceedings of the Seventh International Conference on Language Resources and Evaluation (LREC'10)}},
    year = {2010},
    address = {Valletta, Malta},
    editor = {Nicoletta Calzolari and Khalid Choukri and Bente Maegaard and Joseph Mariani and Jan Odijk and Stelios Piperidis and Mike Rosner and Daniel Tapias},
    publisher = {European Language Resources Association (ELRA)},
    isbn = {2-9517408-6-7},
    language = {english}
}


@inproceedings{aksan-etal-2012-construction,
    title = {Construction of the {Turkish National Corpus ({TNC})}},
    author = {Aksan, Ye{\c{s}}im and
    Aksan, Mustafa and
    Koltuksuz, Ahmet and
    Sezer, Taner and
    Mersinli, {\"U}mit and
    Demirhan, Umut Ufuk and
    Y{\i}lmazer, Hakan and
    Atasoy, G{\"u}ls{\"u}m and
    {\"O}z, Seda and
    Y{\i}ld{\i}z, {\.I}pek and
    Kurto{\u{g}}lu, {\"O}zlem},
    booktitle = {Proceedings of the Eighth International Conference on Language Resources and Evaluation ({LREC}'12)},
    year = {2012},
    pages = {3223--3227},
    publisher = {European Language Resources Association (ELRA)}
}


@article{Sezer2017,
	doi = {10.26417/ejls.v9i1.p18-24},
	url = {https://doi.org/10.26417/ejls.v9i1.p18-24},
	year = {2017},
	month = jun,
	publisher = {Walter de Gruyter {GmbH}},
	volume = {9},
	number = {1},
	pages = {18},
	author = {Taner Sezer},
	title = {{TS} Corpus Project: An online {Turkish} Dictionary and {TS} {DIY} Corpus},
	journal = {European Journal of Language and Literature}
}


@inproceedings{twt-treebank,
	title	= {A Gold Standard Dependency Treebank for {T}urkish},
	author	= {Tolga Kayadelen and Adnan Ozturel and Bernd Bohnet},
	year	= {2020},
	URL	= {https://www.aclweb.org/anthology/2020.lrec-1.634/},
	booktitle	= {Proceedings of The 12th Language Resources and Evaluation Conference (LREC'20},
	pages	= {5156--5163},
	publisher = {European Language Resources Association (ELRA)}
}



@incollection{sprouse_schutze_judgmentdata,
	author = {Carson T. Schütze and Jon Sprouse},
	title = {Judgment Data},
	booktitle = {Research Methods in Linguistics},
	year = {2013},
	pages = {27--50},
	editor = {Robert J. Podesva and Devyani Sharma},
	publisher = {Cambridge University Press}
}


@Article{         harris2020array,
	title         = {Array programming with {NumPy}},
	author        = {Charles R. Harris and K. Jarrod Millman and St{\'{e}}fan J.
	van der Walt and Ralf Gommers and Pauli Virtanen and David
	Cournapeau and Eric Wieser and Julian Taylor and Sebastian
	Berg and Nathaniel J. Smith and Robert Kern and Matti Picus
	and Stephan Hoyer and Marten H. van Kerkwijk and Matthew
	Brett and Allan Haldane and Jaime Fern{\'{a}}ndez del
	R{\'{i}}o and Mark Wiebe and Pearu Peterson and Pierre
	G{\'{e}}rard-Marchant and Kevin Sheppard and Tyler Reddy and
	Warren Weckesser and Hameer Abbasi and Christoph Gohlke and
	Travis E. Oliphant},
	year          = {2020},
	month         = sep,
	journal       = {Nature},
	volume        = {585},
	number        = {7825},
	pages         = {357--362},
	doi           = {10.1038/s41586-020-2649-2},
	publisher     = {Springer Science and Business Media {LLC}},
	url           = {https://doi.org/10.1038/s41586-020-2649-2}
}


@InProceedings{ mckinney-pandas,
	author    = { {W}es {M}c{K}inney },
	title     = { Data Structures for Statistical Computing in {P}ython },
	booktitle = { {P}roceedings of the 9th {P}ython in {S}cience {C}onference },
	pages     = { 56 - 61 },
	year      = { 2010 },
	editor    = { {S}t\'efan van der {W}alt and {J}arrod {M}illman },
	doi       = { 10.25080/Majora-92bf1922-00a }
}


@Article{lme4,
	title = {Fitting Linear Mixed-Effects Models Using {lme4}},
	author = {Douglas Bates and Martin M{\"a}chler and Ben Bolker and
	Steve Walker},
	journal = {Journal of Statistical Software},
	year = {2015},
	volume = {67},
	number = {1},
	pages = {1--48},
	doi = {10.18637/jss.v067.i01},
}

@Book{ggplot2,
	author = {Hadley Wickham},
	title = {ggplot2: Elegant graphics for data analysis},
	publisher = {Springer-Verlag New York},
	year = {2016},
	isbn = {978-3-319-24277-4},
	url = {https://ggplot2.tidyverse.org},
}


@article{scipy,
	author  = {Virtanen, Pauli and Gommers, Ralf and Oliphant, Travis E. and
	Haberland, Matt and Reddy, Tyler and Cournapeau, David and
	Burovski, Evgeni and Peterson, Pearu and Weckesser, Warren and
	Bright, Jonathan and {van der Walt}, St{\'e}fan J. and
	Brett, Matthew and Wilson, Joshua and Millman, K. Jarrod and
	Mayorov, Nikolay and Nelson, Andrew R. J. and Jones, Eric and
	Kern, Robert and Larson, Eric and Carey, C J and
	Polat, {\.I}lhan and Feng, Yu and Moore, Eric W. and
	{VanderPlas}, Jake and Laxalde, Denis and Perktold, Josef and
	Cimrman, Robert and Henriksen, Ian and Quintero, E. A. and
	Harris, Charles R. and Archibald, Anne M. and
	Ribeiro, Ant{\^o}nio H. and Pedregosa, Fabian and
	{van Mulbregt}, Paul and {SciPy 1.0 Contributors}},
	title   = {{{SciPy} 1.0: Fundamental Algorithms for Scientific
	Computing in Python}},
	journal = {Nature Methods},
	year    = {2020},
	volume  = {17},
	pages   = {261--272},
	adsurl  = {https://rdcu.be/b08Wh},
	doi     = {10.1038/s41592-019-0686-2},
}




@article{wilcoxon,
	ISSN = {00994987},
	URL = {http://www.jstor.org/stable/3001968},
	author = {Frank Wilcoxon},
	journal = {Biometrics Bulletin},
	number = {6},
	pages = {80--83},
	publisher = {[International Biometric Society, Wiley]},
	title = {Individual Comparisons by Ranking Methods},
	volume = {1},
	year = {1945}
}

@article{Norman2010,
	doi = {10.1007/s10459-010-9222-y},
	year = {2010},
	month = feb,
	publisher = {Springer Science and Business Media {LLC}},
	volume = {15},
	number = {5},
	pages = {625--632},
	author = {Geoff Norman},
	title = {Likert scales,  levels of measurement and the {\textquotedblleft}laws{\textquotedblright} of statistics},
	journal = {Advances in Health Sciences Education}
}

@inproceedings{
    prz:pat:12a,
    author = "Przepiórkowski, Adam and Patejuk, Agnieszka",
    pdf = "http://www.stanford.edu/group/cslipublications/cslipublications/LFG/17/papers/lfg12przpat1.pdf",
    title = "On Case Assignment and the Coordination of Unlikes: {T}he Limits of Distributive Features",
    pages = "479--489",
    crossref = "lfg:12"
}
@proceedings{
    lfg:12,
    editor = "Butt, Miriam and King, Tracy Holloway",
    publisher = "CSLI Publications",
    title = "The Proceedings of the {LFG'12} Conference",
    url = "http://cslipublications.stanford.edu/LFG/17/lfg12.html",
    booktitle = "The Proceedings of the {LFG'12} Conference",
    year = "2012",
    address = "Stanford, CA"
}


@inproceedings{grammarbook-treebank,
    title = {A grammar-book treebank of {Turkish}},
    author = {{\c{C}}a\u{g}r{\i} {\c{C}}\"{o}ltekin},
    year = {2015},
    booktitle = {Proceedings of the 14th workshop on Treebanks and Linguistic Theories (TLT 14)},
    publisher = {IPI PAN},
    pages = {35--49}
}


@inproceedings{sulubacak-etal-2016-universal,
    title = "{U}niversal Dependencies for {T}urkish",
    author = {Sulubacak, Umut  and
              Gokirmak, Memduh  and
              Tyers, Francis  and
              {\c{C}}{\"o}ltekin, {\c{C}}a{\u{g}}r{\i}  and
              Nivre, Joakim  and
              Eryi{\u{g}}it, G{\"u}l{\c{s}}en},
    booktitle = "Proceedings of {COLING} 2016, the 26th International Conference on Computational Linguistics: Technical Papers",
    month = dec,
    year = "2016",
    address = "Osaka, Japan",
    publisher = "The COLING 2016 Organizing Committee",
    url = "https://aclanthology.org/C16-1325",
    pages = "3444--3454"
}


@misc{boun-treebank,
    doi = {10.48550/ARXIV.2002.10416},
    url = {https://arxiv.org/abs/2002.10416},
    author = {T{\"{u}}rk, Utku and Atmaca, Furkan and {\"{O}}zate{\c{s}}, {\c{S}}aziye Bet{\"{u}}l and Berk, G{\"{o}}zde and Bedir, Seyyit Talha and K{\"{o}}ksal, Abdullatif and Ba{\c{s}}aran, Balk{\i}z {\"{O}}zt{\"{u}}rk and G{\"{u}}ng{\"{o}}r, Tunga and {\"{O}}zg{\"{u}}r, Arzucan},
    title = {Resources for {T}urkish Dependency Parsing: Introducing the {BOUN} Treebank and the {BoAT} Annotation Tool},
    publisher = {arXiv},
    year = {2020}
}

@book{sampson-2002,
	author = {Geoffrey Sampson},
	title = {Empirical Linguistics},
	year = {2002},
	publisher = {Continuum}
}

@inbook{schutzeandsprouse2013,
	author = {Carson T. Schütze and Jon Sprouse},
	title = {Chapter 3: Judgment data},
	booktitle = {Research Methods in Linguistics},
	year = {2014},
	editor = {Robert J. Podesva and Devyani Sharma},
	publisher = {Cambridge University Press},
	doi = {10.1017/CBO9781139013734.004}
}

@book{cowart1997,
	author = {Wayne Cowart},
	title = {Experimental Syntax: Applying Objective Methods to Sentence Judgments},
	year = {1997},
	publisher = {SAGE Publications}
}


@book{grazianoandrauli,
	author = {Anthony M. Graziano and Michael L. Raulin},
	title = {Research Methods: A Process of Inquiry (8th ed.)},
	year = {2014},
	publisher = {Pearson Education Ltd.}
}



